@article{gappa2010,
	author = {Daumas, Marc and Melquiond, Guillaume},
	journal = {ACM Transactions on Mathematical Software},
	title = {Certification of bounds on expressions involving rounded operators},
	year = {2010},	
	volume = {37},
	number = {1},
	pages = {1-20}
}

@article{gappa2011,  
	author={de Dinechin, Florent and Lauter, Christoph and Melquiond, Guillaume},  
	journal={IEEE Transactions on Computers},   
	title={Certifying the Floating-Point Implementation of an Elementary Function Using Gappa},   
	year={2011},  
	volume={60},  
	number={2},  
	pages={242-253}
}

@article{nedialkov1999,
	author = {Nedialkov, N.S. and Jackson, K.R. and Corliss, G.F.},
	title = {Validated solutions of initial value problems for ordinary differential equations},
	journal = {Applied Mathematics and Computation},
	volume = {105},
	number = {1},
	pages = {21-68},
	year = {1999},
	issn = {0096-3003},
	doi = {https://doi.org/10.1016/S0096-3003(98)10083-8}
}


@article{Hairer2003, 
	title={Geometric numerical integration illustrated by the Störmer–Verlet method}, 
	volume={12}, DOI={10.1017/S0962492902000144}, 
	journal={Acta Numerica}, publisher={Cambridge University Press}, 
	author={Hairer, Ernst and Lubich, Christian and Wanner, Gerhard}, 
	year={2003}, 
	pages={399–450}
}



@article{MartinDorel2013CertifiedEA,
	title={Certified, Efficient and Sharp Univariate Taylor Models in COQ},
	author={{\'E}rik Martin-Dorel and Laurence Rideau and Laurent Th{\'e}ry and Micaela Mayero and Ioana Pasca},
	journal={2013 15th International Symposium on Symbolic and Numeric Algorithms for Scientific Computing},
	year={2013},
	pages={193-200}
}


@book{Hairer2006,
	AUTHOR = {Hairer, Ernst and Lubich, Christian and Wanner, Gerhard},
	TITLE = {Geometric numerical integration},
	SERIES = {Springer Series in Computational Mathematics},
	VOLUME = {31},
	EDITION = {Second},
	NOTE = {Structure-preserving algorithms for ordinary differential
	equations},
	PUBLISHER = {Springer-Verlag, Berlin},
	YEAR = {2006},
	PAGES = {xviii+644},
	ISBN = {3-540-30663-3; 978-3-540-30663-4},
}

@inproceedings{Galioto2020,
	author={Galioto, Nicholas and Gorodetsky, Alex A.},
	booktitle={2020 59th IEEE Conference on Decision and Control (CDC)}, 
	title={Bayesian Identification of Hamiltonian Dynamics from Symplectic Data}, 
	year={2020},
	volume={},
	number={},
	pages={1190-1195},
	doi={10.1109/CDC42340.2020.9303852}}

@article{Bauchau2001,
	author = {Bauchau, Olivier and Nikishkov, Yuri},
	year = {2001},
	month = {04},
	pages = {279-301},
	title = {An Implicit Transition Matrix Approach to Stability Analysis of Flexible Multi-Body Systems},
	volume = {5},
	journal = {Multibody System Dynamics},
	doi = {10.1023/A:1011488504973}
}

@article{Coquelicot,
	title = {Coquelicot: A User-Friendly Library of Real Analysis for Coq},
	author = {Boldo, Sylvie and Lelay, Catherine and Melquiond, Guillaume},
	JOURNAL = {Mathematics in Computer Science},
	PUBLISHER = {Springer},
	VOLUME = {9},
	NUMBER = {1},
	PAGES = {41-62},
	YEAR = {2015},
	MONTH = {March},
	DOI = {10.1007/s11786-014-0181-1}
}

@unpublished{VCFloat2,
	author = {Appel,Andrew W. and Kellison, Ariel E. },
	title  = {VCFloat2: Floating-point error analysis in Coq},
	year = {2022},
	note={Draft}
	
}


@article{BouRabee2018,
	title={Geometric integrators and the Hamiltonian Monte Carlo method},
	author={Nawaf Bou-Rabee and Jes{\'u}s Mar{\'i}a Sanz-Serna},
	journal={Acta Numerica},
	year={2018},
	volume={27},
	pages={113 - 206}
}


@article{Blanes2014,
	author = {Blanes, Sergio and Casas, Fernando and Sanz-Serna, J. M.},
	title = {Numerical Integrators for the Hybrid Monte Carlo Method},
	journal = {SIAM Journal on Scientific Computing},
	volume = {36},
	number = {4},
	pages = {A1556-A1580},
	year = {2014},
	doi = {10.1137/130932740}
}

@book{boldo2017computer,
	title={Computer Arithmetic and Formal Proofs: Verifying Floating-point Algorithms with the Coq System},
	author={Boldo, Sylvie and Melquiond, Guillaume},
	year={2017},
	publisher={Elsevier}
}

@incollection {appel11:vst,
	author = {Appel, Andrew W.},
	affiliation = {Princeton University, USA},
	title = {Verified Software Toolchain},
	booktitle = {ESOP'11: European Symposium on Programming},
	series = {LNCS},
	editor = {Barthe, Gilles},
	publisher = {Springer},
	pages = {1-17},
	volume = {6602},
	year = {2011}
}

@inproceedings{boldo2017Runge,
	TITLE = {{Round-off Error Analysis of Explicit One-Step Numerical Integration Methods}},
	AUTHOR = {Boldo, Sylvie and Faissole, Florian and Chapoutot, Alexandre},
	URL = {https://hal.archives-ouvertes.fr/hal-01581794},
	BOOKTITLE = {{24th IEEE Symposium on Computer Arithmetic}},
	ADDRESS = {London, United Kingdom},
	YEAR = {2017},
	MONTH = {Jul},
	DOI = {10.1109/ARITH.2017.22}
}

@article{boldo2014,
	title = {Trusting computations: A mechanized proof from partial differential equations to actual program},
	journal = {Computers and Mathematics with Applications},
	volume = {68},
	number = {3},
	pages = {325-352},
	year = {2014},
	doi = {https://doi.org/10.1016/j.camwa.2014.06.004},
	url = {https://www.sciencedirect.com/science/article/pii/S0898122114002636},
	author = {Sylvie Boldo and François Clément and Jean-Christophe Filliâtre and Micaela Mayero and Guillaume Melquiond and Pierre Weis}
}

@inproceedings{Tekriwal2021,
	author="Tekriwal, Mohit
	and Duraisamy, Karthik
	and Jeannin, Jean-Baptiste",
	editor="Dutle, Aaron
	and Moscato, Mariano M.
	and Titolo, Laura
	and Mu{\~{n}}oz, C{\'e}sar A.
	and Perez, Ivan",
	title="A Formal Proof of the Lax Equivalence Theorem for Finite Difference Schemes",
	booktitle="NASA Formal Methods",
	year="2021",
	publisher="Springer International Publishing",
	address="Cham",
	pages="322--339",
	isbn="978-3-030-76384-8"
}


@article{appel20:sqrt,
	title = "C-language floating-point proofs layered with {VST} and {Flocq}",
	author= "Andrew W. Appel and Yves Bertot",
	month="dec", 
	year="2020",
	journal="Journal of Formalized Reasoning",
	volume="13", 
	number="1",
	pages="1-16",
	doi="10.6092/issn.1972-5787/11442"
}





@article{lin2007,
	title = {Validated solutions of initial value problems for parametric ODEs},
	journal = {Applied Numerical Mathematics},
	volume = {57},
	number = {10},
	pages = {1145-1162},
	year = {2007},
	issn = {0168-9274},
	doi = {https://doi.org/10.1016/j.apnum.2006.10.006},
	url = {https://www.sciencedirect.com/science/article/pii/S0168927406002030},
	author = {Youdong Lin and Mark A. Stadtherr},
	keywords = {Ordinary differential equations, Interval analysis, Validated computing, Taylor models, Dynamic systems}
}

@INPROCEEDINGS{Houska2013,
	author={Houska, Boris and Villanueva, Mario Eduardo and Chachuat, Benoît},
	booktitle={52nd IEEE Conference on Decision and Control}, 
	title={A validated integration algorithm for nonlinear ODEs using Taylor models and ellipsoidal calculus}, 
	year={2013},
	volume={},
	number={},
	pages={484-489},
	doi={10.1109/CDC.2013.6759928}
}

@article{Mullier2018,
	author = {Olivier Mullier and Alexandre Chapoutot and Julien Alexandre dit Sandretto},
	title = {Validated computation of the local truncation error of Runge–Kutta methods with automatic differentiation},
	journal = {Optimization Methods and Software},
	volume = {33},
	number = {4-6},
	pages = {718-728},
	year  = {2018},
	doi = {10.1080/10556788.2018.1459620},
	URL = {https://doi.org/10.1080/10556788.2018.1459620}
}


@book{corliss1995,
	author = {George F. Corliss},
	title = {Guaranteed Error Bounds for Ordinary Differential Equations},
	booktitle = {In Theory of Numerics in Ordinary and Partial Differential Equations},
	year = {1994},
	pages = {1--75},
	publisher = {Oxford University Press}
}

@article{Sandretto2016,
	TITLE = {{Validated Explicit and Implicit Runge-Kutta Methods}},
	AUTHOR = {Alexandre dit Sandretto, Julien and Chapoutot, Alexandre},
	URL = {https://hal.archives-ouvertes.fr/hal-01243053},
	JOURNAL = {{Reliable Computing electronic edition}},
	SERIES = {Special issue devoted to material presented at SWIM 2015},
	VOLUME = {22},
	YEAR = {2016},
	MONTH = Jul,
	KEYWORDS = {Differential equations ;  Validated simulation},
	PDF = {https://hal.archives-ouvertes.fr/hal-01243053/file/implicit_rk.pdf},
	HAL_ID = {hal-01243053},
	HAL_VERSION = {v1}
}

@article{kehlet2017,
	author = {Kehlet, Benjamin and Logg, Anders},
	title = {A Posteriori Error Analysis of Round-off Errors in the Numerical Solution of Ordinary Differential Equations},
	year = {2017},
	issue_date = {September 2017},
	publisher = {Springer-Verlag},
	address = {Berlin, Heidelberg},
	volume = {76},
	number = {1},
	issn = {1017-1398},
	url = {https://doi.org/10.1007/s11075-016-0250-4},
	doi = {10.1007/s11075-016-0250-4},
	journal = {Numer. Algorithms},
	month = {sep},
	pages = {191–210},
	numpages = {20},
	keywords = {Finite element, Time-stepping, Computability, High precision, Probabilistic error propagation, High accuracy, Van der Pol, Long-time integration, A posteriori, Lorenz, High order}
}



@article{cao2004,
	author = {Cao, Yang and Petzold, Linda},
	title = {A Posteriori Error Estimation and Global Error Control for Ordinary Differential Equations by the Adjoint Method},
	journal = {SIAM Journal on Scientific Computing},
	volume = {26},
	number = {2},
	pages = {359-374},
	year = {2004},
	doi = {10.1137/S1064827503420969},
	URL = {  https://doi.org/10.1137/S1064827503420969},
	eprint = { https://doi.org/10.1137/S1064827503420969}
}

@article{jackson2002,
	title = {Some recent advances in validated methods for IVPs for ODEs},
	journal = {Applied Numerical Mathematics},
	volume = {42},
	number = {1},
	pages = {269-284},
	year = {2002},
	issn = {0168-9274},
	doi = {https://doi.org/10.1016/S0168-9274(01)00155-6},
	url = {https://www.sciencedirect.com/science/article/pii/S0168927401001556},
	author = {Kenneth R. Jackson and Nedialko S. Nedialkov}
}  


@book{skeel1999,
	author={Skeel, Robert D.},
	title={Integration Schemes for Molecular Dynamics and Related Applications},
	bookTitle={The Graduate Student's Guide to Numerical Analysis '98: Lecture Notes from the VIII EPSRC Summer School in Numerical Analysis},
	year={1999},
	publisher={Springer Berlin Heidelberg},
	address={Berlin, Heidelberg},
	pages={119--176},
	isbn={978-3-662-03972-4},
	doi={10.1007/978-3-662-03972-4_4},
	url={https://doi.org/10.1007/978-3-662-03972-4_4}
}

@inproceedings{ramananandro16:vcfloat,
	author = {Ramananandro, Tahina and Mountcastle, Paul and Meister, Beno\^{\i}t and Lethin, Richard},
	title = {A Unified {Coq} Framework for Verifying {C} Programs with Floating-Point Computations},
	year = {2016},
	publisher = {Association for Computing Machinery},
	address = {New York, NY, USA},
	url = {https://doi.org/10.1145/2854065.2854066},
	doi = {10.1145/2854065.2854066},
	booktitle = {Proceedings of the 5th ACM SIGPLAN Conference on Certified Programs and Proofs},
	pages = {15–26},
	numpages = {12},
	series = {CPP 2016}
}

@book{appel14:plcc,
	author = "Andrew W. Appel and Robert Dockins and Aquinas Hobor and 
	Lennart Beringer and Josiah Dodds and Gordon Stewart and 
	Sandrine Blazy and Xavier Leroy",
	title = "Program Logics for Certified Compilers",
	publisher = "Cambridge",
	year = "2014"
}


@InProceedings{rihm1994,
	author       = {Rihm, Robert},
	title        = {Interval methods for initial value problems in ODEs},
	booktitle     ={Topics in validated computations : proceedings of IMACS-GAMM International Workshop on Validated Computation},
	year         = {1993},
	month        = {September}
}


@article{BeringerAppel:FMSD21,
	author    = {Lennart Beringer and
	Andrew W. Appel},
	title     = {Abstraction and Subsumption in Modular Verification of {C} Programs},
	journal={Formal Methods in System Design},                   
	year      = {2021},
	url       = {https://doi.org/10.1007/s10703-020-00353-1},
	doi       = {10.1007/s10703-020-00353-1}
}



@article{nedialkov2001,
	author    = {Nedialko S. Nedialkov and
	Kenneth R. Jackson and
	John D. Pryce},
	title     = {An Effective High-Order Interval Method for Validating Existence and
	Uniqueness of the Solution of an {IVP} for an {ODE}},
	journal   = {Reliable Computing},
	volume    = {7},
	number    = {6},
	pages     = {449-465},
	year      = {2001},
	url       = {https://doi.org/10.1023/A:1014798618404},
	doi       = {10.1023/A:1014798618404}
}  


@book{shampine1975,
	author = {Shampine, Lawrence F.},
	booktitle = {Computer solution of ordinary differential equations : the initial value problem},
	isbn = {0716704617},
	address = {San Francisco},
	language = {eng},
	lccn = {74023246},
	publisher = {W.H. Freeman},
	title = {Computer solution of ordinary differential equations : the initial value problem  / L.F. Shampine, M.K. Gordon.},
	year = {1975}
}


@book{shampine_gladwell_thompson_2003, 
	place={Cambridge}, 
	title={Solving ODEs with MATLAB}, 
	DOI={10.1017/CBO9780511615542}, 
	publisher={Cambridge University Press}, 
	author={Shampine, L. F. and Gladwell, I. and Thompson, S.}, 
	year={2003}
}

@article{shampine2005,
	author = {Shampine, L. F.},
	title = {Error Estimation and Control for ODEs},
	year = {2005},
	issue_date = {October   2005},
	publisher = {Plenum Press},
	address = {USA},
	volume = {25},
	number = {1},
	issn = {0885-7474},
	url = {https://doi.org/10.1007/s10915-004-4629-3},
	doi = {10.1007/s10915-004-4629-3},
	journal = {J. Sci. Comput.},
	month = {oct},
	pages = {3–16},
	numpages = {14},
	keywords = {error estimation, ODE, IVP, error control}
}         


@book{stetter1978,
	author="Stetter, H. J.",
	title="Global error estimation in ODE-solvers",
	booktitle="Numerical Analysis",
	year="1978",
	publisher="Springer Berlin Heidelberg",
	address="Berlin, Heidelberg",
	pages="179--189",
	isbn="978-3-540-35972-2"
}


@article{skeel1986,
	doi = {10.1007/bf01389440},
	url = {https://doi.org/10.1007/bf01389440},
	year = {1986},
	month = jan,
	publisher = {Springer},
	volume = {48},
	number = {1},
	pages = {1--20},
	author = {Robert D. Skeel},
	title = {Thirteen ways to estimate global error},
	journal = {Numerische Mathematik}
}

@article{shampine1976,
	author = {Shampine, L. F. and Watts, H. A.},
	title = {Global Error Estimates for Ordinary Differential Equations},
	year = {1976},
	issue_date = {June 1976},
	publisher = {Association for Computing Machinery},
	address = {New York, NY, USA},
	volume = {2},
	number = {2},
	issn = {0098-3500},
	url = {https://doi.org/10.1145/355681.355687},
	doi = {10.1145/355681.355687},
	journal = {ACM Trans. Math. Softw.},
	month = {jun},
	pages = {172–186},
	numpages = {15}
}

@article{DASPK1995,
	author = {{van Keken}, P.~E. and {Yuen}, D.~A. and {Petzold}, L.~R.},
	title = "{DASPK: A new high order and adaptive time-integration technique with applications to mantle convection with strongly temperature-and pressure-dependent rheology}",
	journal = {Geophysical and Astrophysical Fluid Dynamics},
	keywords = {Mantle convection, mantle rheology, time-integration techniques},
	year = 1995,
	month = jan,
	volume = {80},
	number = {1},
	pages = {57-74},
	doi = {10.1080/03091929508229763}
}



@article{Brown1989,
	author = {Brown, Peter N. and Byrne, George D. and Hindmarsh, Alan C.},
	title = {VODE: A Variable-Coefficient ODE Solver},
	journal = {SIAM Journal on Scientific and Statistical Computing},
	volume = {10},
	number = {5},
	pages = {1038-1051},
	year = {1989},
	doi = {10.1137/0910062},
	URL = {https://doi.org/10.1137/0910062}
}

@book{hairer_wanner_1991,
	author = {Hairer, E. and Wanner, G.},
	title = {Solving Ordinary Differential Equations II: Stiff and Differential Algebraic Problems},
	year = {1991},
	publisher = {Springer-Verlag},
	location = {New York}
}

@inproceedings{immler2012,
	title={Numerical Analysis of Ordinary Differential Equations in Isabelle/HOL},
	author={Fabian Immler and Johannes H{\"o}lzl},
	booktitle={ITP 2012: Interactive Theorem Proving},
	year={2012},
	pages = {377-392}
}

@book{iserles2008, 
	place={Cambridge}, 
	edition={2}, 
	series={Cambridge Texts in Applied Mathematics}, 
	title={Error control}, 
	DOI={10.1017/CBO9780511995569.009}, 
	booktitle={A First Course in the Numerical Analysis of Differential 
	Equations}, 
	publisher={Cambridge University Press}, 
	author={Iserles, Arieh}, 
	year={2008},
	pages={105–122}, 
	collection={Cambridge Texts in Applied Mathematics}
}

@article{rein2019,
	author = {Rein, Hanno and Hernandez, David M and Tamayo, Daniel and Brown, 
	Garett and Eckels, Emily and Holmes, Emma and Lau, Michelle and Leblanc, 
	Réjean and Silburt, Ari},
	title = "{Hybrid symplectic integrators for planetary dynamics}",
	journal = {Monthly Notices of the Royal Astronomical Society},
	volume = {485},
	number = {4},
	pages = {5490-5497},
	year = {2019},
	month = {03},
	issn = {0035-8711},
	doi = {10.1093/mnras/stz769},
	url = {https://doi.org/10.1093/mnras/stz769}

}

@article{hernandez2016,
	author = {Hernandez, David M.},
	title = "{Fast and reliable symplectic integration for planetary system 
	N-body problems}",
	journal = {Monthly Notices of the Royal Astronomical Society},
	volume = {458},
	number = {4},
	pages = {4285-4296},
	year = {2016},
	month = {03},
	issn = {0035-8711},
	doi = {10.1093/mnras/stw569},
	url = {https://doi.org/10.1093/mnras/stw569}
}

@article{wisdom2016,
	author = {Wisdom, Jack},
	title = "{Symplectic test particle encounters: a comparison of methods}",
	journal = {Monthly Notices of the Royal Astronomical Society},
	volume = {464},
	number = {2},
	pages = {2350-2355},
	year = {2016},
	month = {10},

	issn = {0035-8711},
	doi = {10.1093/mnras/stw2598},
	url = {https://doi.org/10.1093/mnras/stw2598}
}


@book {hairer_GNI_2006,
	AUTHOR = {Hairer, Ernst and Lubich, Christian and Wanner, Gerhard},
	TITLE = {Geometric numerical integration},
	SERIES = {Springer Series in Computational Mathematics},
	VOLUME = {31},
	EDITION = {Second},
	NOTE = {Structure-preserving algorithms for ordinary differential
	equations},
	PUBLISHER = {Springer-Verlag, Berlin},
	YEAR = {2006},
	PAGES = {xviii+644},
	ISBN = {3-540-30663-3; 978-3-540-30663-4}
}


@ARTICLE{boris_alg_2013,
author = {{Qin}, Hong and {Zhang}, Shuangxi and {Xiao}, Jianyuan and {Liu}, 
Jian and {Sun}, Yajuan and {Tang}, William M.},
title = "{Why is Boris algorithm so good?}",
journal = {Physics of Plasmas},
year = 2013,
month = aug,
volume = {20},
number = {8},
eid = {084503},
pages = {084503},
doi = {10.1063/1.4818428},
adsurl = {https://ui.adsabs.harvard.edu/abs/2013PhPl...20h4503Q}
}






